@Article{selective-search,
  title = {Selective Search for Object Recognition},
  author = {Jasper R. R. UIJLINGS and Koen E. A. van de SANDE and Theo GEVERS and Arnold W. M. SMEULDERS},
  journal = {International Journal  of Computer Vision},
  volume = {104},
  year = {2013},
  pages = {154--171}
}

@Article{spp,
  title = {Spatial Pyramid Pooling in Deep Convolutional Networks for Visual Recognition},
  author = {Kaiming HE and X. ZHANG and S. REN and J. SUN},
  journal = {IEEE Transactions on Pattern Analysis and Machine Intelligence},
  volume = {37},
  number = {9},
  year = {2015},
  pages = {1904--1916}
}

@Article{object-det,
  title = {Object Detection with Discriminatively Trained Part-Based Models},
  author = {P. F. FELZENSWALB and Ross GIRSHICK and D. MCALLESTER and D. RAMANAN},
  journal = {IEEE Transactions on Pattern Analysis and Machine Intelligence},
  volume = {32},
  number = {9},
  year = {2010},
  pages = {1627--1645}
}

@conference{cnn-classification,
  title = {ImageNet classification with deep convolutional neural networks},
  author = {Alex KRIZHEVSKY and Ilya SUTSKEVER and Geoffrey E. HINTON},
  booktitle = {Advances in neural information processing systems},
  year = {2012},
  pages = {1097--1105}
}

@conference{rcnn,
  title = {Rich feature hierarchies for accurate object detection and semantic segmentation},
  author = {Ross GIRSHICK and Jeff DONAHUE and Trevor DARRELL and Jitendra MALIK},
  booktitle = {Conference on Computer Vision and Pattern Recognition ({CVPR})},
  year = {2014},
}

@conference{fast-rcnn,
  title = {Fast R-CNN},
  author = {Ross GIRSHICK},
  booktitle = {International Conference on Computer Vision ({ICCV})},
  year = {2015},
}

@conference{faster-rcnn,
  title = {Faster {R-CNN}: Towards Real-Time Object Detection with Region Proposal Networks},
  author = {Shaoqing REN and Kaiming HE and Ross GIRSHICK and Jian SUN},
  booktitle = {Advances in Neural Information Processing Szstems ({NIPS})},
  year = {2015},
}

@conference{mask-rcnn,
  title = {Mask R-CNN},
  author = {Kaiming HE and G. GKIOXARI and P. DOLLÁR and Ross GIRSHICK},
  booktitle = {International Conference on Computer Vision ({ICCV})},
  year = {2017},
}

@conference{resnet,
  title = {Deep Residual Learning for Image Recognition},
  author = {Kaiming HE and X. ZHANG and S. REN and J. SUN},
  booktitle = {Conference on Computer Vision and Pattern Recognition ({CVPR})},
  year = {2016},
}

@conference{fpn,
  title = {Feature pyramid networks for object detection},
  author = {Tsung-Yi LIN and Piotr DOLLÁR and Ross GIRSHICK and Kaiming HE and Bharath HARIHARAN and Serge BELONGIE},
  booktitle = {Conference on Computer Vision and Pattern Recognition ({CVPR})},
  year = {2017},
}